@book{doerner13,
	author = {Ralf Dörner and Wolfgang Broll and Paul Grimm and Bernhard Jung},
	title = {Virtual und Augmented Reality},
	year = {2013},
	publisher = {Springer-Verlag Berlin},
	address = {Heidelberg},
language = {german}
},
@book{slaterwilbur97,
	author = {Mel Slater and Sylvia Wilbur},
	title = {A framework for immersive virtual environements(FIVE): specultion on the role of presence in virtual environments},
	year = {1997},
 	note = {\url{http://publicationslist.org/data/melslater/ref-232/pres5.pdf}}
}
@misc{website:vuzix,
      author = {Vuzix},
      title = {{Wrap} {1200DX AR} {Product} {Page}},
      month = {Juli},
      year = {2014},
      note = {\url{http://store.vuzix.co.uk/euro/acatalog/Wrap_1200DX_AR.html}}
},
@misc{website:epson,
      author = {Epson},
      title = {{Moverio} {BT-200} {Product} {Page}},
      month = {Juli},
      year = {2014},
      note = {\url{http://www.epson.de/moverio}}
},
@misc{website:castAR,
      author = {castAR},
      title = {{castAR}},
      month = {Juli},
      year = {2014},
      note = {\url{http://technicalillusions.com/}}
},
@misc{website:oculus1,
      author = {Oculus},
      title = {{Oculus} {Rift} {DK1}},
      month = {Februar},
      year = {2014},
      note = {\url{http://www.oculusvr.com/}}
}
@misc{website:oculus2,
      author = {Oculus},
      title = {{Oculus} {Rift} {DK2}},
      month = {Juli},
      year = {2014},
      note = {\url{http://www.oculusvr.com/}}
},
@misc{website:camera,
      author = {William Steptoe},
      title = {{Stereo} {Camera} for {Oculus}},
      month = {Januar},
      year = {2014},
      note = {\url{http://willsteptoe.com/post/67397389165/ar-rift-building-the-stereo-camera-part-3}}
},
@misc{website:imu,
      author = {X-IO},
      title = {{x-IMU} {User} {Manual}},
      month = {November},
      year = {2013},
      note = {\url{http://www.x-io.co.uk/downloads/x-IMU-User-Manual-v5.2.pdf}}
},
@misc{website:ptam,
      author = {Georg Klein and David Murray},
      title = {{Parallel Tracking and Mapping on a Camera Phone}},
      year = {2008},
      note = {\url{http://www.robots.ox.ac.uk/~gk/publications/KleinMurray2009ISMAR.pdf}}
}
@misc{website:multimaps,
      author = {Georg Klein and David Murray},
      title = {{Video-rate Localization in Multiple Maps for Wearable Augmented Reality}},
      year = {2009},
      note = {\url{http://www.robots.ox.ac.uk/~bob/publications/castle_etal_iswc2008/castle_etal_iswc2008.pdf}}
}

@misc{website:lifeclipper,
      author = {Florian Müller},
      title = {{Remembering in the Metaverse: Preservation, Evaluation, and Perception}},
      year = {2012},
      note = {\url{http://edoc.unibas.ch/16452/1/diss_mueller_pdfa_final.pdf}}
}

@misc{website:arrift,
      author = {William Steptoe},
      title = {{AR Rift}},
      year = {2013},
      note = {\url{http://willsteptoe.com/post/66968953089/ar-rift-part-1}}
}

@misc{website:tank,
      author = {Michelle Star},
      title = {{Norwegian army trials Oculus Rift to drive tanks}},
      year = {2014},
      note = {\url{http://www.cnet.com/news/norwegian-army-trials-oculus-rift-to-drive-tanks/}}
}

@misc{website:welding,
      author = {Ben Lang},
      title = {{Augmented Reality Welding Mask Provides 100 Million to 1 Contrast Ratio in 3D for Precision Welding}},
      year = {2012},
      note = {\url{http://www.roadtovr.com/augmented-reality-welding-mask/}}
}

@misc{website:shoes,
      author = {Chris Heathcote},
      title = {{Shoes that see: Le Chal}},
      year = {2014},
      note = {\url{http://postscapes.com/shoes-that-see-le-chal}}
}

@misc{website:terrain,
      author = {Eric Haines},
      title = {{Object2Terrainl}},
      year = {2012},
      note = {\url{http://wiki.unity3d.com/index.php?title=Object2Terrain}}
}

@misc{website:dof,
      author = {Arduino},
      title = {{What is Degrees Of Freedom, 6DOF, 9DOF, 10DOF, 11DOF}},
      year = {2014},
      note = {\url{http://playground.arduino.cc/Main/WhatIsDegreesOfFreedom6DOF9DOF10DOF11DOF}}
}

@misc{website:ocukick,
      author = {Oculus},
      title = {{Oculus Rift: Step Into the Game}},
      year = {2014},
      note = {\url{https://www.kickstarter.com/projects/1523379957/oculus-rift-step-into-the-game}}
}

